@misc{daneMedyczne,
  keywords = {www},
  key      = {Development Assistance for Health Database 1990-2020},
  title    = {Development Assistance for Health Database 1990-2020},
  url      = {http://ghdx.healthdata.org/record/ihme-data/development-assistance-health-database-1990-2020},
  urldate  = {2021-10-21}
}